<record><leader>00000cas a2200000 a 4500</leader><controlfield tag="001">27389888</controlfield><controlfield tag="008">930205d19uu1946cauwr ne      0    0eng c</controlfield><datafield ind1=" " ind2=" " tag="010"><subfield code="a">sn 93051936 </subfield></datafield><datafield ind1=" " ind2=" " tag="040"><subfield code="a">CUY</subfield><subfield code="b">eng</subfield><subfield code="c">CNK</subfield><subfield code="d">OCLCQ</subfield><subfield code="d">CNK</subfield><subfield code="d">OCLCQ</subfield><subfield code="d">OCLCF</subfield><subfield code="d">OCLCO</subfield></datafield><datafield ind1=" " ind2=" " tag="042"><subfield code="a">pcc</subfield></datafield><datafield ind1=" " ind2=" " tag="043"><subfield code="a">n-us-ca</subfield></datafield><datafield ind1="0" ind2="0" tag="245"><subfield code="a">Sotoyome scimitar.</subfield></datafield><datafield ind1="3" ind2="0" tag="246"><subfield code="a">Healdsburg semi-weekly Sotoyome scimitar</subfield></datafield><datafield ind1="1" ind2="3" tag="246"><subfield code="a">Semi-weekly scimitar</subfield></datafield><datafield ind1="1" ind2="3" tag="246"><subfield code="a">Semi-weekly Sotoyome scimitar</subfield></datafield><datafield ind1="1" ind2="7" tag="246"><subfield code="a">Healdsburg Sotoyome scimitar</subfield></datafield><datafield ind1=" " ind2=" " tag="260"><subfield code="a">Healdsburg, Sonoma County, Calif. :</subfield><subfield code="b">[s.n.]</subfield></datafield><datafield ind1=" " ind2=" " tag="300"><subfield code="a">v.</subfield></datafield><datafield ind1=" " ind2=" " tag="310"><subfield code="a">Weekly,</subfield><subfield code="b">Apr. 22, 1927-Dec. 31, 1946</subfield></datafield><datafield ind1=" " ind2=" " tag="321"><subfield code="a">Frequency varies, &lt;Mar. 6,</subfield><subfield code="b">1908&gt;-Apr. 15, 1927</subfield></datafield><datafield ind1="0" ind2=" " tag="362"><subfield code="a">-v. 47, no. 24 (Dec. 31, 1946).</subfield></datafield><datafield ind1=" " ind2=" " tag="500"><subfield code="a">Published as: Healdsburg semi-weekly Sotoyome scimitar, Nov. 3, 1925-&lt;Apr. 23, 1926&gt;.</subfield></datafield><datafield ind1=" " ind2=" " tag="530"><subfield code="a">Master negatives are available for duplication from:</subfield><subfield code="b">California Newspaper Microfilm Archive;</subfield><subfield code="c">positive copies may be purchased by the reel; for further information consult the CNMA at:</subfield><subfield code="u">http://cbsr.ucr.edu</subfield></datafield><datafield ind1=" " ind2=" " tag="588"><subfield code="a">Description based on: Vol. 9, no. 49 (Mar. 6, 1908).</subfield></datafield><datafield ind1=" " ind2="0" tag="651"><subfield code="a">Sonoma County (Calif.)</subfield><subfield code="v">Newspapers.</subfield></datafield><datafield ind1=" " ind2="7" tag="655"><subfield code="a">Newspapers.</subfield><subfield code="2">fast</subfield><subfield code="0">(OCoLC)fst01423814</subfield></datafield><datafield ind1=" " ind2="7" tag="651"><subfield code="a">California</subfield><subfield code="z">Sonoma County.</subfield><subfield code="2">fast</subfield><subfield code="0">(OCoLC)fst01213638</subfield></datafield><datafield ind1=" " ind2=" " tag="752"><subfield code="a">United States</subfield><subfield code="b">California</subfield><subfield code="c">Sonoma</subfield><subfield code="d">Healdsburg.</subfield></datafield><datafield ind1="0" ind2="0" tag="780"><subfield code="t">Sotoyome sun</subfield><subfield code="w">(DLC)sn 95062099</subfield></datafield><datafield ind1="0" ind2="7" tag="785"><subfield code="t">Healdsburg tribune and enterprise</subfield><subfield code="w">(DLC)sn 93051935</subfield></datafield><datafield ind1="0" ind2="7" tag="785"><subfield code="t">Healdsburg tribune enterprise &amp; scimitar</subfield><subfield code="w">(DLC)sn 78001237</subfield></datafield></record>